@book{Bray2009,
  title={Confronting the shadow education system: What government policies for what private tutoring?},
  author={Bray, Mark},
  year={2009},
  publisher={UNESCO International Institute for Educational Planning (IIEP)},
  address={Paris}
}

@article{Bray2021,
  title={Shadow education in Europe: Growing prevalence, underlying forces, and policy implications},
  author={Bray, Mark},
  journal={ECNU Review of Education},
  volume={4},
  number={3},
  pages={442--475},
  year={2021},
  publisher={SAGE Publications Sage UK: London, England}
}

@article{liu2012does,
  title={Does cram schooling matter? Who goes to cram schools? Evidence from Taiwan},
  author={Liu, Jeng},
  journal={International Journal of Educational Development},
  volume={32},
  number={1},
  pages={46--52},
  year={2012},
  publisher={Elsevier}
}

@article{kuan2011effects,
  title={Effects of cram schooling on mathematics performance: Evidence from junior high students in Taiwan},
  author={Kuan, Ping-Yin},
  journal={Comparative education review},
  volume={55},
  number={3},
  pages={342--368},
  year={2011},
  publisher={University of Chicago Press Chicago, IL}
}


@incollection{friedman2016capitalism,
  title={Capitalism and freedom},
  author={Friedman, Milton},
  booktitle={Democracy: a reader},
  pages={344--349},
  year={2016},
  publisher={Columbia University Press}
}

@article{lee2011impact,
  title={The impact of prestige orientation on shadow education in South Korea},
  author={Lee, Soojeong and Shouse, Roger C},
  journal={Sociology of education},
  volume={84},
  number={3},
  pages={212--224},
  year={2011},
  publisher={SAGE Publications Sage CA: Los Angeles, CA}
}

@article{bray2014regulating,
  title={Regulating private tutoring for public good},
  author={Bray, Mark and Kwo, Ora},
  journal={Policy Options for Supplementary Education in Asia. UNESCO Bangkok},
  year={2014}
}

@article{kim2015efa,
  title={EFA national report republic of Korea},
  author={Kim, Jinhee and Cho, Woojin and Moon, Mugyeong and Park, Hyeyoung and Cho, Ji Min and Park, Ju-Hyoung and Song, J},
  journal={Education for all 2015 national review},
  pages={50},
  year={2015}
}

@article{kim2020school,
  title={School opening delay effect on transmission dynamics of coronavirus disease 2019 in Korea: based on mathematical modeling and simulation study},
  author={Kim, Soyoung and Kim, Yae-Jean and Peck, Kyong Ran and Jung, Eunok},
  journal={Journal of Korean medical science},
  volume={35},
  number={13},
  year={2020},
  publisher={The Korean Academy of Medical Sciences}
}

@book{bjork2019high,
  title={High-stakes schooling: What we can learn from Japan's experiences with testing, accountability, and education reform},
  author={Bjork, Christopher},
  year={2019},
  publisher={University of Chicago Press}
}

@article{yamamoto2020psychological,
  title={The psychological impact of ‘mild lockdown’in Japan during the COVID-19 pandemic: a nationwide survey under a declared state of emergency},
  author={Yamamoto, Tetsuya and Uchiumi, Chigusa and Suzuki, Naho and Yoshimoto, Junichiro and Murillo-Rodriguez, Eric},
  journal={International journal of environmental research and public health},
  volume={17},
  number={24},
  pages={9382},
  year={2020},
  publisher={MDPI}
}

@misc{chinalawtranslate2021,
  title = {Opinions on Further Reducing the Burden of Homework and Off-Campus Training for Students in Compulsory Education},
  author = {{China Law Translate}},
  year = {2021},
  url = {https://www.chinalawtranslate.com/en/two-burdens/},
  note = {Accessed: 08/08/2024},
  organization = {China Law Translate},
  type = {Web Page}
}

@misc{ministry2012compulsory,
    title = {Compulsory Education Act (Chapter 51)},
    author = {{Ministry of Education, Singapore}},
    year = {2012},
    url = {https://sso.agc.gov.sg/Act/CEA2000},
    note = {Accessed: 2024-08-08},
}

@misc{ministry2020homebased,
    title = {Schools to Implement Full Home-Based Learning; Preschools and Student Care Centres to Suspend General Services},
    author = {{Ministry of Education, Singapore}},
    year = {2020},
    url = {https://www.moe.gov.sg/news/press-releases/20200403-schools-to-implement-full-home-based-learning-preschools-and-student-care-centres-to-suspend-general-services},
    note = {Accessed: 2024-08-08},
}

@misc{educationbureau2009nas,
    title = {New Academic Structure for Senior Secondary Education and Higher Education},
    author = {{Education Bureau, The Government of the Hong Kong Special Administrative Region}},
    year = {2009},
    url = {https://www.edb.gov.hk/attachment/en/curriculum-development/doc-reports/NAS_eng.pdf},
    note = {Accessed: 2024-08-08},
}

@misc{educationbureau2015ite4,
    title = {The Fourth Strategy on Information Technology in Education},
    author = {{Education Bureau, The Government of the Hong Kong Special Administrative Region}},
    year = {2015},
    url = {https://www.edb.gov.hk/attachment/en/edu-system/primary-secondary/applicable-to-primary-secondary/it-in-edu/ite4_report_ENG.pdf},
    note = {Accessed: 2024-08-08},
}

@article{pang2020gazing,
    title = {Gazing at the "perfect storm": How the 2019 movement has changed Hong Kong's schools},
    author = {Pang, I. and Vickers, E.},
    journal = {Educational Philosophy and Theory},
    volume = {52},
    number = {13},
    pages = {1365-1379},
    year = {2020},
    doi = {10.1080/00131857.2020.1812920},
}




@misc{skillsfuture2016credit,
    title = {SkillsFuture Credit},
    author = {{SkillsFuture Singapore}},
    year = {2016},
    url = {https://www.skillsfuture.gov.sg/credit},
    note = {Accessed: 2024-08-08},
}


@article{chen2024examining,
  title={Examining China's “Double Reduction” Policy: Promises and Challenges for Balanced and Quality Development in Compulsory Education},
  author={Chen, Licui and Lin, Shuangmu},
  journal={ECNU Review of Education},
  pages={20965311241265123},
  year={2024},
  publisher={SAGE Publications Sage UK: London, England}
}

@article{bourdieu2011forms,
  title={The forms of capital.(1986)},
  author={Bourdieu, Pierre},
  journal={Cultural theory: An anthology},
  volume={1},
  number={81-93},
  pages={949},
  year={2011}
}

@article{coleman1990commentary,
  title={Commentary: Social institutions and social theory},
  author={Coleman, James S},
  journal={American sociological review},
  volume={55},
  number={3},
  pages={333--339},
  year={1990},
  publisher={JSTOR}
}

@incollection{hanushek1987educational,
  title={Educational production functions},
  author={Hanushek, Eric A},
  booktitle={Economics of Education},
  pages={33--42},
  year={1987},
  publisher={Elsevier}
}

@article{becker1964human,
  title={Human Capital: A Theoretical and Empirical Analysis, with Special Reference to Education},
  author={Becker, Gary S},
  journal={New York: National Bureau of Economic Research},
  year={1964}
}

@article{choi2016evaluating,
  title={Evaluating the effects of governmental regulations on South Korean private cram schools},
  author={Choi, Jaesung and Cho, Rosa Minhyo},
  journal={Asia Pacific Journal of Education},
  volume={36},
  number={4},
  pages={599--621},
  year={2016},
  publisher={Taylor \& Francis}
}

@article{zhang2021changing,
  title={A changing environment of urban education: Historical and spatial analysis of private supplementary tutoring in China},
  author={Zhang, Wei and Bray, Mark},
  journal={Environment and Urbanization},
  volume={33},
  number={1},
  pages={43--62},
  year={2021},
  publisher={SAGE Publications Sage UK: London, England}
}

@article{tan2022private,
  title={Private tutoring and the subjective rationalities of parents: The experiences in South Korea and Singapore},
  author={Tan, Charlene},
  journal={Asian Education and Development Studies},
  volume={11},
  number={3},
  pages={464--474},
  year={2022},
  publisher={Emerald Publishing Limited}
}

@article{matsuoka2015school,
  title={School socioeconomic compositional effect on shadow education participation: Evidence from Japan},
  author={Matsuoka, Ryoji},
  journal={British Journal of Sociology of Education},
  volume={36},
  number={2},
  pages={270--290},
  year={2015},
  publisher={Taylor \& Francis}
}

@article{zhang2019regulating,
  title={Regulating private tutoring in China: Uniform policies, diverse responses},
  author={Zhang, Wei},
  journal={ECNU Review of Education},
  volume={2},
  number={1},
  pages={25--43},
  year={2019},
  publisher={SAGE Publications Sage UK: London, England}
}

@phdthesis{lai2019celebrity,
  title={Celebrity Endorsement: A qualitative study of chain tutoring centres in the Hong Kong Shadow Education sector},
  author={Lai, Chi Kin},
  year={2019},
  school={University of Leicester}
}

@article{Tan2016,
  title={Shadow education in Singapore: The private sector of education},
  author={Tan, Charlene},
  journal={Asia Pacific Journal of Education},
  volume={36},
  number={2},
  pages={206--221},
  year={2016},
  publisher={Taylor \& Francis}
}

@article{yamamoto2010cultural,
  title={Cultural capital in East Asian educational systems: The case of Japan},
  author={Yamamoto, Yoko and Brinton, Mary C},
  journal={Sociology of Education},
  volume={83},
  number={1},
  pages={67--83},
  year={2010},
  publisher={SAGE Publications Sage CA: Los Angeles, CA}
}


@article{chetty2014measuring,
  title={Measuring the impacts of teachers I: Evaluating bias in teacher value-added estimates},
  author={Chetty, Raj and Friedman, John N and Rockoff, Jonah E},
  journal={American Economic Review},
  volume={104},
  number={9},
  pages={2593--2632},
  year={2014},
  publisher={American Economic Association}
}

@article{hanushek2012economic,
  title={Do better schools lead to more growth? Cognitive skills, economic outcomes, and causation},
  author={Hanushek, Eric A and Woessmann, Ludger},
  journal={Journal of Economic Growth},
  volume={17},
  number={4},
  pages={267--321},
  year={2012},
  publisher={Springer}
}

@article{blandhol2022returns,
  title={When returns to education are heterogeneous: A quantile treatment effect approach},
  author={Blandhol, Christine and Mogstad, Magne and Nilsson, Peter and Vestad, Ola L},
  journal={Journal of Political Economy},
  volume={130},
  number={9},
  pages={2296--2337},
  year={2022},
  publisher={The University of Chicago Press}
}

#---- more to read

@article{gopinathan2012singapore,
  title={Singapore's education reforms: The journey thus far},
  author={Gopinathan, S.},
  journal={Asian Education and Development Studies},
  volume={1},
  number={1},
  pages={25--42},
  year={2012},
  publisher={Emerald Group Publishing Limited}
}

@book{tan2012learning,
  title={Learning from Singapore: The Power of Paradoxes},
  author={Tan, C.},
  year={2012},
  publisher={Routledge},
  address={Abingdon, UK}
}

@article{lim2017skillsfuture,
  title={SkillsFuture Credit: A Policy Evaluation},
  author={Lim, C. and Lee, Y. S.},
  journal={Journal of Lifelong Learning},
  volume={12},
  number={3},
  pages={45--67},
  year={2017}
}

@article{ng2016understanding,
  title={Understanding SkillsFuture: Policy and Practice},
  author={Ng, I. Y. H.},
  journal={Asian Journal of Public Affairs},
  volume={8},
  number={2},
  pages={23--36},
  year={2016}
}

@article{koh2021impact,
  title={The Impact of COVID-19 on Education in Singapore: A Case Study of Home-Based Learning},
  author={Koh, H. K.},
  journal={Journal of Education in Emergencies},
  volume={7},
  number={1},
  pages={67--85},
  year={2021}
}

@article{tan2020adapting,
  title={Adapting to Home-Based Learning: The Singapore Experience},
  author={Tan, L.},
  journal={Education Today},
  volume={3},
  number={4},
  pages={15--28},
  year={2020}
}

@article{cheung2011hong,
  title={Hong Kong’s New Academic Structure for Senior Secondary Education and Higher Education: Policy Rationales and Implications},
  author={Cheung, A. C. K. and Wong, P. M.},
  journal={Asia Pacific Education Review},
  volume={12},
  number={1},
  pages={93--102},
  year={2011},
  publisher={Springer}
}

@article{lai2010implementation,
  title={The Implementation of the New Academic Structure in Hong Kong: Challenges and Opportunities},
  author={Lai, K. C.},
  journal={Educational Research for Policy and Practice},
  volume={9},
  number={3},
  pages={159--174},
  year={2010},
  publisher={Springer}
}

@article{wong2016evaluating,
  title={Evaluating the Impact of Hong Kong’s Fourth Strategy on Information Technology in Education},
  author={Wong, Y. Y. and Cheung, H. Y.},
  journal={International Journal of Educational Technology},
  volume={3},
  number={1},
  pages={45--59},
  year={2016}
}

@article{cheng2017integrating,
  title={Integrating IT into Education: Hong Kong’s Fourth Strategy},
  author={Cheng, C. Y.},
  journal={Journal of Educational Policy and Practice},
  volume={15},
  number={2},
  pages={67--84},
  year={2017}
}

@article{chan2021role,
  title={The Role of Education in Hong Kong's Political Unrest: A Critical Analysis},
  author={Chan, H. M.},
  journal={Asian Education Studies},
  volume={5},
  number={2},
  pages={45--58},
  year={2021}
}

@article{wong2020education,
  title={Education and Political Activism in Hong Kong: Navigating the New Normal},
  author={Wong, T. K. Y.},
  journal={Journal of Political Education},
  volume={12},
  number={3},
  pages={67--79},
  year={2020}
}

@book{lee2021education,
  title={Education and Politics in Hong Kong: A New Era},
  author={Lee, K.},
  year={2021},
  publisher={Routledge},
  address={Abingdon, UK}
}

@book{cheung2020hong,
  title={Hong Kong's Education Challenges: Between Tradition and Modernity},
  author={Cheung, Y. L. and Lau, W. M.},
  year={2020},
  publisher={Palgrave Macmillan},
  address={Cham, Switzerland}
}
